<record xmlns="http://www.loc.gov/MARC21/slim">
   <leader>02498cam a2200505 i 4500</leader>
   <controlfield tag="001">6799184</controlfield>
   <controlfield tag="003">OCoLC</controlfield>
   <controlfield tag="005">20150120122617.0</controlfield>
   <controlfield tag="008">140424s2015    nyu      b    001 0 eng  </controlfield>
   <datafield ind1=" " ind2=" " tag="010">
      <subfield code="a">  2014015034</subfield>
   </datafield>
   <datafield ind1=" " ind2=" " tag="015">
      <subfield code="a">GBB487051</subfield>
      <subfield code="2">bnb</subfield>
   </datafield>
   <datafield ind1="7" ind2=" " tag="016">
      <subfield code="a">016829550</subfield>
      <subfield code="2">Uk</subfield>
   </datafield>
   <datafield ind1=" " ind2=" " tag="020">
      <subfield code="a">9781107038332 (hardback)</subfield>
   </datafield>
   <datafield ind1=" " ind2=" " tag="020">
      <subfield code="a">1107038332 (hardback)</subfield>
   </datafield>
   <datafield ind1=" " ind2=" " tag="020">
      <subfield code="a">9781107694750 (paperback)</subfield>
   </datafield>
   <datafield ind1=" " ind2=" " tag="020">
      <subfield code="a">1107694752 (paperback)</subfield>
   </datafield>
   <datafield ind1="8" ind2=" " tag="024">
      <subfield code="a">40024266334</subfield>
   </datafield>
   <datafield ind1=" " ind2=" " tag="035">
      <subfield code="a">ocn878224846</subfield>
   </datafield>
   <datafield ind1=" " ind2=" " tag="040">
      <subfield code="a">DLC</subfield>
      <subfield code="b">eng</subfield>
      <subfield code="e">rda</subfield>
      <subfield code="c">DLC</subfield>
      <subfield code="d">YDX</subfield>
      <subfield code="d">YDXCP</subfield>
      <subfield code="d">BTCTA</subfield>
      <subfield code="d">UKMGB</subfield>
      <subfield code="d">OCLCF</subfield>
      <subfield code="d">CDX</subfield>
      <subfield code="d">YUS</subfield>
      <subfield code="d">STF</subfield>
      <subfield code="d">COO</subfield>
      <subfield code="d">UAB</subfield>
      <subfield code="d">AEU</subfield>
   </datafield>
   <datafield ind1=" " ind2=" " tag="042">
      <subfield code="a">pcc</subfield>
   </datafield>
   <datafield ind1=" " ind2=" " tag="043">
      <subfield code="a">n-us---</subfield>
   </datafield>
   <datafield ind1="0" ind2="0" tag="050">
      <subfield code="a">P92.U5</subfield>
      <subfield code="b">P44 2015</subfield>
   </datafield>
   <datafield ind1="0" ind2="0" tag="082">
      <subfield code="a">302.23</subfield>
      <subfield code="2">23</subfield>
   </datafield>
   <datafield ind1=" " ind2=" " tag="084">
      <subfield code="a">POL040000</subfield>
      <subfield code="2">bisacsh</subfield>
   </datafield>
   <datafield ind1=" " ind2=" " tag="090">
      <subfield code="a">P 92 U5 P44 2015</subfield>
      <subfield code="b">AEU</subfield>
   </datafield>
   <datafield ind1=" " ind2=" " tag="090">
      <subfield code="a">P92 .U5 P44 2015</subfield>
      <subfield code="b">AEGMCT</subfield>
   </datafield>
   <datafield ind1="1" ind2=" " tag="100">
      <subfield code="a">Pickard, Victor W.,</subfield>
      <subfield code="e">author.</subfield>
   </datafield>
   <datafield ind1="1" ind2="0" tag="245">
      <subfield code="a">America's battle for media democracy :</subfield>
      <subfield code="b">the triumph of corporate libertarianism and the future of media reform /</subfield>
      <subfield code="c">Victor Pickard (University of Pennsylvania).</subfield>
   </datafield>
   <datafield ind1=" " ind2="1" tag="264">
      <subfield code="a">New York, NY :</subfield>
      <subfield code="b">Cambridge University Press,</subfield>
      <subfield code="c">2015.</subfield>
   </datafield>
   <datafield ind1=" " ind2=" " tag="300">
      <subfield code="a">xi, 247 pages ;</subfield>
      <subfield code="c">24 cm.</subfield>
   </datafield>
   <datafield ind1=" " ind2=" " tag="336">
      <subfield code="a">text</subfield>
      <subfield code="b">txt</subfield>
      <subfield code="2">rdacontent</subfield>
   </datafield>
   <datafield ind1=" " ind2=" " tag="337">
      <subfield code="a">unmediated</subfield>
      <subfield code="b">n</subfield>
      <subfield code="2">rdamedia</subfield>
   </datafield>
   <datafield ind1=" " ind2=" " tag="338">
      <subfield code="a">volume</subfield>
      <subfield code="b">nc</subfield>
      <subfield code="2">rdacarrier</subfield>
   </datafield>
   <datafield ind1="1" ind2=" " tag="490">
      <subfield code="a">Communication, society and politics</subfield>
   </datafield>
   <datafield ind1=" " ind2=" " tag="504">
      <subfield code="a">Includes bibliographical references (pages 233-234) and index.</subfield>
   </datafield>
   <datafield ind1="0" ind2=" " tag="505">
      <subfield code="a">Introduction : the policy origins and normative foundations of American media -- The revolt against radio -- A Progressive turn at the FCC -- The battle of the blue book -- The origins of the Fairness Doctrine -- The 1940s newspaper crisis and the birth of the Hutchins Commission -- Should the giants be slain or persuaded to be good? -- The postwar settlement for American media -- Conclusion : confronting market failure.</subfield>
   </datafield>
   <datafield ind1=" " ind2=" " tag="596">
      <subfield code="a">16 29 43</subfield>
   </datafield>
   <datafield ind1=" " ind2="0" tag="650">
      <subfield code="a">Mass media policy</subfield>
      <subfield code="z">United States</subfield>
      <subfield code="x">History.</subfield>
   </datafield>
   <datafield ind1=" " ind2="0" tag="650">
      <subfield code="a">Broadcasting policy</subfield>
      <subfield code="z">United States</subfield>
      <subfield code="x">History.</subfield>
   </datafield>
   <datafield ind1=" " ind2="0" tag="830">
      <subfield code="a">Communication, society, and politics.</subfield>
   </datafield>
   <datafield ind1="4" ind2="2" tag="856">
      <subfield code="3">Cover image</subfield>
      <subfield code="u">http://assets.cambridge.org/97811070/38332/cover/9781107038332.jpg</subfield>
   </datafield>
   <datafield ind1=" " ind2=" " tag="949">
      <subfield code="a">P 92 U5 P44 2015</subfield>
      <subfield code="c">1</subfield>
      <subfield code="h">UAAU-B</subfield>
      <subfield code="i">0162035232089</subfield>
   </datafield>
   <datafield ind1=" " ind2=" " tag="926">
      <subfield code="a">P 92 U5 P44 2015</subfield>
      <subfield code="w">LC</subfield>
      <subfield code="c">1</subfield>
      <subfield code="i">0162035232089</subfield>
      <subfield code="l">ON_SHELF</subfield>
      <subfield code="m">UAAUG</subfield>
      <subfield code="p">$150.00</subfield>
      <subfield code="r">Y</subfield>
      <subfield code="s">Y</subfield>
      <subfield code="t">BOOK</subfield>
      <subfield code="u">2/4/2015</subfield>
   </datafield>
   <datafield ind1=" " ind2=" " tag="926">
      <subfield code="a">P92 .U5 P44 2015</subfield>
      <subfield code="w">LC</subfield>
      <subfield code="c">1</subfield>
      <subfield code="i">1007437138</subfield>
      <subfield code="d">2/13/2015</subfield>
      <subfield code="l">ON_SHELF</subfield>
      <subfield code="m">GR_MACEWAN</subfield>
      <subfield code="p">$93.78</subfield>
      <subfield code="r">Y</subfield>
      <subfield code="s">Y</subfield>
      <subfield code="t">BOOK</subfield>
      <subfield code="u">2/6/2015</subfield>
   </datafield>
   <datafield ind1=" " ind2=" " tag="926">
      <subfield code="a">P 92 U5 P44 2015</subfield>
      <subfield code="w">LC</subfield>
      <subfield code="c">1</subfield>
      <subfield code="i">0162035243805</subfield>
      <subfield code="d">1/30/2017</subfield>
      <subfield code="e">1/30/2017</subfield>
      <subfield code="k">CHECKEDOUT</subfield>
      <subfield code="l">ON_SHELF</subfield>
      <subfield code="m">UAHSS</subfield>
      <subfield code="n">3</subfield>
      <subfield code="p">$150.00</subfield>
      <subfield code="r">M</subfield>
      <subfield code="s">Y</subfield>
      <subfield code="t">BOOK</subfield>
      <subfield code="u">2/26/2015</subfield>
   </datafield>
</record>
